@article{ ArticleA,
	author = {Ann Author and A. Second Author and A. Third Author},
	title = {The title of the paper},
	journal = {The name of the journal},
	year = {1927},
	volume = 1,
	number = 1,
	pages = {1--100}
	}
	
@book{ BookB,
	author = {A. Different Author and A. Co-author},
	title = {The book they wrote},
	publisher = {London University Press},
	address = {London, UK},
	year = {1352},
	}
	
@incollection{ CollectedC,
	author = {Just One Author},
	title = {Just One Chapter of Many},
	booktitle = {The Collection of chapters},
	editor = {One Editor and Another Editor},
	publisher = {Another University Press},
	address = {Somewhere, New York},
	year = {2009},
	}
	
@misc{ MiscD,
	author = {Some Bloke},
	title = {My Web site},
	note = {{\tt www.foo.bar}; Last accessed: 10/10/1904},
	year = {1904}
	}
	
@misc{ KuhnScottAndreev2008,
	author = {R. Kuhn and R. Scott and L. Andreev},
	title = {An Introduction to Using {\TeX} in the {H}arvard {M}athematics {D}epartment},
	note = {{\tt http://www.math.harvard.edu/texman/texman.html}; Last accessed: 18/01/2008},
	year = {2008}
	}
	